@article{dagum1998openmp,
    Author = {Dagum, Leonardo and Menon, Ramesh},
    Date-Added = {2014-07-24 11:13:01 +0000},
    Date-Modified = {2014-07-24 11:13:01 +0000},
    Journal = {Computational Science \& Engineering, IEEE},
    Number = {1},
    Pages = {46--55},
    Publisher = {IEEE},
    Title = {OpenMP: an industry standard API for shared-memory programming},
    Volume = {5},
    Year = {1998}}